%YAML 1.1
%TAG !u! tag:unity3d.com,2011:
--- !u!1 &2730018895391368170
GameObject:
  m_ObjectHideFlags: 0
  m_CorrespondingSourceObject: {fileID: 0}
  m_PrefabInstance: {fileID: 0}
  m_PrefabAsset: {fileID: 0}
  serializedVersion: 6
  m_Component:
  - component: {fileID: 2730018895391368165}
  - component: {fileID: 2730018895391368167}
  - component: {fileID: 2730018895391368164}
  - component: {fileID: 2730018895391368166}
  m_Layer: 5
  m_Name: Pizza 1
  m_TagString: Untagged
  m_Icon: {fileID: 0}
  m_NavMeshLayer: 0
  m_StaticEditorFlags: 0
  m_IsActive: 1
--- !u!224 &2730018895391368165
RectTransform:
  m_ObjectHideFlags: 0
  m_CorrespondingSourceObject: {fileID: 0}
  m_PrefabInstance: {fileID: 0}
  m_PrefabAsset: {fileID: 0}
  m_GameObject: {fileID: 2730018895391368170}
  m_LocalRotation: {x: 0, y: 0, z: 0, w: 1}
  m_LocalPosition: {x: 0, y: 0, z: 0}
  m_LocalScale: {x: 1, y: 1, z: 1}
  m_Children:
  - {fileID: 2730018895319936510}
  m_Father: {fileID: 0}
  m_RootOrder: 0
  m_LocalEulerAnglesHint: {x: 0, y: 0, z: 0}
  m_AnchorMin: {x: 0, y: 0}
  m_AnchorMax: {x: 0, y: 0}
  m_AnchoredPosition: {x: 0, y: 0}
  m_SizeDelta: {x: 32, y: 32}
  m_Pivot: {x: 0.5, y: 0.5}
--- !u!222 &2730018895391368167
CanvasRenderer:
  m_ObjectHideFlags: 0
  m_CorrespondingSourceObject: {fileID: 0}
  m_PrefabInstance: {fileID: 0}
  m_PrefabAsset: {fileID: 0}
  m_GameObject: {fileID: 2730018895391368170}
  m_CullTransparentMesh: 0
--- !u!114 &2730018895391368164
MonoBehaviour:
  m_ObjectHideFlags: 0
  m_CorrespondingSourceObject: {fileID: 0}
  m_PrefabInstance: {fileID: 0}
  m_PrefabAsset: {fileID: 0}
  m_GameObject: {fileID: 2730018895391368170}
  m_Enabled: 1
  m_EditorHideFlags: 0
  m_Script: {fileID: -765806418, guid: f70555f144d8491a825f0804e09c671c, type: 3}
  m_Name: 
  m_EditorClassIdentifier: 
  m_Material: {fileID: 0}
  m_Color: {r: 1, g: 1, b: 1, a: 1}
  m_RaycastTarget: 1
  m_OnCullStateChanged:
    m_PersistentCalls:
      m_Calls: []
    m_TypeName: UnityEngine.UI.MaskableGraphic+CullStateChangedEvent, UnityEngine.UI,
      Version=1.0.0.0, Culture=neutral, PublicKeyToken=null
  m_Sprite: {fileID: 21300000, guid: 0127047cb27f1364aa0bf0149f831697, type: 3}
  m_Type: 0
  m_PreserveAspect: 0
  m_FillCenter: 1
  m_FillMethod: 4
  m_FillAmount: 1
  m_FillClockwise: 1
  m_FillOrigin: 0
  m_UseSpriteMesh: 0
--- !u!114 &2730018895391368166
MonoBehaviour:
  m_ObjectHideFlags: 0
  m_CorrespondingSourceObject: {fileID: 0}
  m_PrefabInstance: {fileID: 0}
  m_PrefabAsset: {fileID: 0}
  m_GameObject: {fileID: 2730018895391368170}
  m_Enabled: 1
  m_EditorHideFlags: 0
  m_Script: {fileID: 11500000, guid: 70edc486664ec4736aba22fd2d3f09f6, type: 3}
  m_Name: 
  m_EditorClassIdentifier: 
  Speed: 175
--- !u!1001 &2730018895319545726
PrefabInstance:
  m_ObjectHideFlags: 0
  serializedVersion: 2
  m_Modification:
    m_TransformParent: {fileID: 2730018895391368165}
    m_Modifications:
    - target: {fileID: 100000, guid: cdf9d767ba7204cbab42f3e754ac64d8, type: 3}
      propertyPath: m_Name
      value: 75bb32bdf8424fcebe7e4374f294dcb2.fbx
      objectReference: {fileID: 0}
    - target: {fileID: 100000, guid: cdf9d767ba7204cbab42f3e754ac64d8, type: 3}
      propertyPath: m_Layer
      value: 5
      objectReference: {fileID: 0}
    - target: {fileID: 100000, guid: cdf9d767ba7204cbab42f3e754ac64d8, type: 3}
      propertyPath: m_IsActive
      value: 0
      objectReference: {fileID: 0}
    - target: {fileID: 100020, guid: cdf9d767ba7204cbab42f3e754ac64d8, type: 3}
      propertyPath: m_Layer
      value: 5
      objectReference: {fileID: 0}
    - target: {fileID: 100022, guid: cdf9d767ba7204cbab42f3e754ac64d8, type: 3}
      propertyPath: m_Layer
      value: 5
      objectReference: {fileID: 0}
    - target: {fileID: 100024, guid: cdf9d767ba7204cbab42f3e754ac64d8, type: 3}
      propertyPath: m_Layer
      value: 5
      objectReference: {fileID: 0}
    - target: {fileID: 100026, guid: cdf9d767ba7204cbab42f3e754ac64d8, type: 3}
      propertyPath: m_Layer
      value: 5
      objectReference: {fileID: 0}
    - target: {fileID: 100028, guid: cdf9d767ba7204cbab42f3e754ac64d8, type: 3}
      propertyPath: m_Layer
      value: 5
      objectReference: {fileID: 0}
    - target: {fileID: 100030, guid: cdf9d767ba7204cbab42f3e754ac64d8, type: 3}
      propertyPath: m_Layer
      value: 5
      objectReference: {fileID: 0}
    - target: {fileID: 100032, guid: cdf9d767ba7204cbab42f3e754ac64d8, type: 3}
      propertyPath: m_Layer
      value: 5
      objectReference: {fileID: 0}
    - target: {fileID: 100034, guid: cdf9d767ba7204cbab42f3e754ac64d8, type: 3}
      propertyPath: m_Layer
      value: 5
      objectReference: {fileID: 0}
    - target: {fileID: 100002, guid: cdf9d767ba7204cbab42f3e754ac64d8, type: 3}
      propertyPath: m_Layer
      value: 5
      objectReference: {fileID: 0}
    - target: {fileID: 100004, guid: cdf9d767ba7204cbab42f3e754ac64d8, type: 3}
      propertyPath: m_Layer
      value: 5
      objectReference: {fileID: 0}
    - target: {fileID: 100006, guid: cdf9d767ba7204cbab42f3e754ac64d8, type: 3}
      propertyPath: m_Layer
      value: 5
      objectReference: {fileID: 0}
    - target: {fileID: 100008, guid: cdf9d767ba7204cbab42f3e754ac64d8, type: 3}
      propertyPath: m_Layer
      value: 5
      objectReference: {fileID: 0}
    - target: {fileID: 100010, guid: cdf9d767ba7204cbab42f3e754ac64d8, type: 3}
      propertyPath: m_Layer
      value: 5
      objectReference: {fileID: 0}
    - target: {fileID: 100012, guid: cdf9d767ba7204cbab42f3e754ac64d8, type: 3}
      propertyPath: m_Layer
      value: 5
      objectReference: {fileID: 0}
    - target: {fileID: 100014, guid: cdf9d767ba7204cbab42f3e754ac64d8, type: 3}
      propertyPath: m_Layer
      value: 5
      objectReference: {fileID: 0}
    - target: {fileID: 100016, guid: cdf9d767ba7204cbab42f3e754ac64d8, type: 3}
      propertyPath: m_Layer
      value: 5
      objectReference: {fileID: 0}
    - target: {fileID: 100018, guid: cdf9d767ba7204cbab42f3e754ac64d8, type: 3}
      propertyPath: m_Layer
      value: 5
      objectReference: {fileID: 0}
    - target: {fileID: 100036, guid: cdf9d767ba7204cbab42f3e754ac64d8, type: 3}
      propertyPath: m_Layer
      value: 5
      objectReference: {fileID: 0}
    - target: {fileID: 400000, guid: cdf9d767ba7204cbab42f3e754ac64d8, type: 3}
      propertyPath: m_LocalPosition.x
      value: 0
      objectReference: {fileID: 0}
    - target: {fileID: 400000, guid: cdf9d767ba7204cbab42f3e754ac64d8, type: 3}
      propertyPath: m_LocalPosition.y
      value: 0
      objectReference: {fileID: 0}
    - target: {fileID: 400000, guid: cdf9d767ba7204cbab42f3e754ac64d8, type: 3}
      propertyPath: m_LocalPosition.z
      value: -0
      objectReference: {fileID: 0}
    - target: {fileID: 400000, guid: cdf9d767ba7204cbab42f3e754ac64d8, type: 3}
      propertyPath: m_LocalRotation.x
      value: -0.70710707
      objectReference: {fileID: 0}
    - target: {fileID: 400000, guid: cdf9d767ba7204cbab42f3e754ac64d8, type: 3}
      propertyPath: m_LocalRotation.y
      value: -0
      objectReference: {fileID: 0}
    - target: {fileID: 400000, guid: cdf9d767ba7204cbab42f3e754ac64d8, type: 3}
      propertyPath: m_LocalRotation.z
      value: -0
      objectReference: {fileID: 0}
    - target: {fileID: 400000, guid: cdf9d767ba7204cbab42f3e754ac64d8, type: 3}
      propertyPath: m_LocalRotation.w
      value: 0.70710653
      objectReference: {fileID: 0}
    - target: {fileID: 400000, guid: cdf9d767ba7204cbab42f3e754ac64d8, type: 3}
      propertyPath: m_RootOrder
      value: 0
      objectReference: {fileID: 0}
    - target: {fileID: 400000, guid: cdf9d767ba7204cbab42f3e754ac64d8, type: 3}
      propertyPath: m_LocalEulerAnglesHint.x
      value: -90.00001
      objectReference: {fileID: 0}
    - target: {fileID: 400000, guid: cdf9d767ba7204cbab42f3e754ac64d8, type: 3}
      propertyPath: m_LocalEulerAnglesHint.y
      value: 0
      objectReference: {fileID: 0}
    - target: {fileID: 400000, guid: cdf9d767ba7204cbab42f3e754ac64d8, type: 3}
      propertyPath: m_LocalEulerAnglesHint.z
      value: 0
      objectReference: {fileID: 0}
    - target: {fileID: 400000, guid: cdf9d767ba7204cbab42f3e754ac64d8, type: 3}
      propertyPath: m_LocalScale.x
      value: 1090.4299
      objectReference: {fileID: 0}
    - target: {fileID: 400000, guid: cdf9d767ba7204cbab42f3e754ac64d8, type: 3}
      propertyPath: m_LocalScale.y
      value: 1090.4299
      objectReference: {fileID: 0}
    - target: {fileID: 400000, guid: cdf9d767ba7204cbab42f3e754ac64d8, type: 3}
      propertyPath: m_LocalScale.z
      value: 1090.4299
      objectReference: {fileID: 0}
    m_RemovedComponents: []
  m_SourcePrefab: {fileID: 100100000, guid: cdf9d767ba7204cbab42f3e754ac64d8, type: 3}
--- !u!4 &2730018895319936510 stripped
Transform:
  m_CorrespondingSourceObject: {fileID: 400000, guid: cdf9d767ba7204cbab42f3e754ac64d8,
    type: 3}
  m_PrefabInstance: {fileID: 2730018895319545726}
  m_PrefabAsset: {fileID: 0}
